@misc{bib:ISO12207_1997,
  author        = {ISO/IEC},
  title         = {Information technology - Software life cycle processes},
  howpublished  = "\url{https://www.math.unipd.it/~tullio/IS-1/2009/Approfondimenti/ISO_12207-1995.pdf}",
  year          = {1997}, 
  number          = {12207},
  note = "[Online; ultima visita 07-Novembre-2023]",
}